@book{webster1997design,
  title={Design of pulse oximeters},
  author={Webster, John G},
  year={1997},
  publisher={Crc Press}
}
@article{fan2022high,
  title={A high accuracy \& ultra-low power ECG-derived respiration estimation processor for wearable respiration monitoring Sensor},
  author={Fan, Jiajing and Yang, Siqi and Liu, Jiahao and Zhu, Zhen and Xiao, Jianbiao and Chang, Liang and Lin, Shuisheng and Zhou, Jun},
  journal={Biosensors},
  volume={12},
  number={8},
  pages={665},
  year={2022},
  publisher={MDPI}
}
@inproceedings{bian2020respiratory,
  title={Respiratory rate estimation using PPG: A deep learning approach},
  author={Bian, Dayi and Mehta, Pooja and Selvaraj, Nandakumar},
  booktitle={2020 42nd annual international conference of the IEEE engineering in Medicine \& Biology Society (EMBC)},
  pages={5948--5952},
  year={2020},
  organization={IEEE}
}
@article{fine2021sources,
  title={Sources of inaccuracy in photoplethysmography for continuous cardiovascular monitoring},
  author={Fine, Jesse and Branan, Kimberly L and Rodriguez, Andres J and Boonya-Ananta, Tananant and Ajmal and Ramella-Roman, Jessica C and McShane, Michael J and Cote, Gerard L},
  journal={Biosensors},
  volume={11},
  number={4},
  pages={126},
  year={2021},
  publisher={MDPI}
}
@article{charlton2016assessment,
  title={An assessment of algorithms to estimate respiratory rate from the electrocardiogram and photoplethysmogram},
  author={Charlton, Peter H and Bonnici, Timothy and Tarassenko, Lionel and Clifton, David A and Beale, Richard and Watkinson, Peter J},
  journal={Physiological measurement},
  volume={37},
  number={4},
  pages={610},
  year={2016},
  publisher={IOP Publishing}
}
@inproceedings{ravichandran2019respnet,
  title={RespNet: A deep learning model for extraction of respiration from photoplethysmogram},
  author={Ravichandran, Vignesh and Murugesan, Balamurali and Balakarthikeyan, Vaishali and Ram, Keerthi and Preejith, SP and Joseph, Jayaraj and Sivaprakasam, Mohanasankar},
  booktitle={2019 41st annual international conference of the IEEE engineering in medicine and biology society (EMBC)},
  pages={5556--5559},
  year={2019},
  organization={IEEE}
}
@article{osathitporn2023rrwavenet,
  title={RRWaveNet: A compact end-to-end multiscale residual CNN for robust PPG respiratory rate estimation},
  author={Osathitporn, Pongpanut and Sawadwuthikul, Guntitat and Thuwajit, Punnawish and Ueafuea, Kawisara and Mateepithaktham, Thee and Kunaseth, Narin and Choksatchawathi, Tanut and Punyabukkana, Proadpran and Mignot, Emmanuel and Wilaiprasitporn, Theerawit},
  journal={IEEE Internet of Things Journal},
  volume={10},
  number={18},
  pages={15943--15952},
  year={2023},
  publisher={IEEE}
}
@article{goldberger2000physiobank,
  title={PhysioBank, PhysioToolkit, and PhysioNet: components of a new research resource for complex physiologic signals},
  author={Goldberger, Ary L and Amaral, Luis AN and Glass, Leon and Hausdorff, Jeffrey M and Ivanov, Plamen Ch and Mark, Roger G and Mietus, Joseph E and Moody, George B and Peng, Chung-Kang and Stanley, H Eugene},
  journal={circulation},
  volume={101},
  number={23},
  pages={e215--e220},
  year={2000},
  publisher={Lippincott Williams \& Wilkins}
}
@inproceedings{simon1999survey,
  title={Survey of software architectures},
  author={Simon, DE},
  booktitle={An Embedded Software Primer},
  pages={115--136},
  year={1999},
  organization={Addison-Wesley Prof Boston, MA, USA}
}
@inproceedings{martinez2022wearable,
  title={Wearable device prototype for vital signs monitoring},
  author={Mart{\'\i}nez Hornak, Leonardo and Morales, Isabel and Solari, Alfredo and Oreggioni, Juli{\'a}n},
  booktitle={XII Congreso Argentino de Sistemas Embebidos (CASE2022), UNLP, La Plata, Buenos Aires, Argentina, 18-19 ago. 2022, pp. 1-3.},
  year={2022},
  organization={CASE}
}